<record><leader>00000cas a22000007a 4500</leader><controlfield tag="001">33948168</controlfield><controlfield tag="008">951220d1uuu1980cauwr ne      0    0eng d</controlfield><datafield ind1=" " ind2=" " tag="010"><subfield code="a">sn 95062251 </subfield></datafield><datafield ind1=" " ind2=" " tag="040"><subfield code="a">CNK</subfield><subfield code="b">eng</subfield><subfield code="c">CNK</subfield><subfield code="d">OCLCQ</subfield><subfield code="d">OCLCF</subfield><subfield code="d">OCLCO</subfield></datafield><datafield ind1="1" ind2=" " tag="029"><subfield code="a">AU@</subfield><subfield code="b">000025875482</subfield></datafield><datafield ind1=" " ind2=" " tag="042"><subfield code="a">msc</subfield></datafield><datafield ind1=" " ind2=" " tag="043"><subfield code="a">n-us-ca</subfield></datafield><datafield ind1="0" ind2="0" tag="245"><subfield code="a">San Bruno enterprise journal.</subfield></datafield><datafield ind1=" " ind2=" " tag="260"><subfield code="a">San Bruno, Calif. :</subfield><subfield code="b">Industrial City Pub. Co.</subfield></datafield><datafield ind1=" " ind2=" " tag="300"><subfield code="a">v.</subfield></datafield><datafield ind1=" " ind2=" " tag="310"><subfield code="a">Weekly</subfield></datafield><datafield ind1="1" ind2=" " tag="362"><subfield code="a">Ceased in 1980.</subfield></datafield><datafield ind1=" " ind2=" " tag="588"><subfield code="a">Description based on: 80th year, no. 53 (July 2, 1976).</subfield></datafield><datafield ind1=" " ind2="0" tag="651"><subfield code="a">San Bruno (Calif.)</subfield><subfield code="v">Newspapers.</subfield></datafield><datafield ind1=" " ind2="7" tag="655"><subfield code="a">Newspapers.</subfield><subfield code="2">fast</subfield><subfield code="0">(OCoLC)fst01423814</subfield></datafield><datafield ind1=" " ind2="7" tag="651"><subfield code="a">California</subfield><subfield code="z">San Bruno.</subfield><subfield code="2">fast</subfield><subfield code="0">(OCoLC)fst01205160</subfield></datafield><datafield ind1=" " ind2=" " tag="752"><subfield code="a">United States</subfield><subfield code="b">California</subfield><subfield code="c">San Mateo</subfield><subfield code="d">San Bruno.</subfield></datafield><datafield ind1="0" ind2=" " tag="775"><subfield code="t">South San Francisco enterprise-journal (South San Francisco, Calif. : 1972)</subfield><subfield code="w">(DLC)sn 95062212</subfield></datafield><datafield ind1="0" ind2="7" tag="785"><subfield code="t">San Bruno herald, Peninsula news and the San Bruno progress</subfield><subfield code="w">(DLC)sn 95062253</subfield></datafield><datafield ind1="0" ind2="7" tag="785"><subfield code="t">San Bruno enterprise journal, San Bruno herald</subfield><subfield code="w">(DLC)sn 95062254</subfield></datafield></record>